\begin{thebibliography}{9}
@misc{definicion_robotica,
	author = "Florencia Ucha",
	title = "{Definición de Robótica}",
	year = "2009",
	howpublished = {\url{https://www.definicionabc.com/tecnologia/robotica.php}},
	note = "[Accedido 5 de Agosto de 2017]"
}
\end{thebibliography}
